@book{gtm,
author = {J H Silverman},
publisher = {Springer-Verlag},
series = {Graduate texts in mathematics},
title = {The arithmetic of elliptic curves},
year = {1986},
}

@book{utm,
author = {J H Silverman and J Tate},
publisher = {Springer-Verlag},
location = {Undergraduate texts in mathematics},
title = {Rational points on elliptic curves},
year = {1992},
}

@book{lang,
author = {S Lang},
location = {Berlin, Heidelberg},
publisher = {Springer-Verlag},
title = {Elliptic curves: Diophantine analysis},
year = {1978},
}

@article{weierstrass,
author = {N Duif},
institution = {Technische Universiteit Eindhoven},
title = {Transforming a general cubic elliptic curve equation to Weierstrass form},
url = {http://www.math.tamu.edu/~rojas/cubic2weierstrass.pdf},
year = {2011},
}

@article{grouplaw,
author = {S Friedl},
institution = {Rice University},
title = {An elementary proof of the group law for elliptic curves},
url = {http://math.rice.edu/~friedl/papers/AAELLIPTIC.PDF},
year = {2004},
}

@online{mit,
author = {A V Sutherland},
institution = {Massachusetts Institute of Technology},
title = {Elliptic curves},
url = {https://math.mit.edu/classes/18.783/2017},
year = {2017},
}

@article{weilconjectures,
author = {F Oort},
institution = {Universiteit Utrecht},
title = {The Weil conjectures},
url = {http://www.nieuwarchief.nl/serie5/pdf/naw5-2014-15-3-211.pdf},
year = {2014},
}

@article{weil1,
author = {A Weil},
publisher = {Bulletin of the American Mathematical Society},
title = {Numbers of solutions of equations in finite fields},
url = {https://projecteuclid.org/euclid.bams/1183513798},
year = {1949},
}

@article{weil2,
author = {B M Dwork},
publisher = {American Journal of Mathematics},
title = {On the rationality of the zeta function of an algebraic variety},
url = {https://www.jstor.org/stable/2372974},
year = {1960},
}

@article{weil3,
author = {P R V Deligne},
publisher = {Publications Mathématiques de l'IHÉS},
title = {La conjecture de Weil I},
url = {https://arxiv.org/pdf/1807.10810.pdf},
year = {1974},
}

@article{riemann,
author = {E Bombieri},
institution = {Princeton University},
title = {Problems of the millennium: the Riemann hypothesis},
url = {https://www.claymath.org/sites/default/files/official_problem_description.pdf},
year = {2000},
}

@article{lutznagell,
author = {G Ellingsrud},
institution = {Universitetet i Oslo},
title = {The Lutz-Nagell theorem and torsion points},
url = {https://www.uio.no/studier/emner/matnat/math/MAT4250/h14/ell2.pdf},
year = {2014},
}

@article{mazur,
author = {B C Mazur},
publisher = {Inventiones mathematicae},
title = {Rational isogenies of prime degree},
url = {https://gdz.sub.uni-goettingen.de/id/PPN356556735_0044},
year = {1978},
}

@article{warwick,
author = {D Testa},
institution = {University of Warwick},
title = {Elliptic curves},
url = {https://homepages.warwick.ac.uk/~maskal/MA426_EllipticCurves_2018.pdf},
year = {2014},
}

@article{rank,
author = {J Achter},
institution = {Brown University},
title = {On computing the rank of elliptic curves},
url = {http://www.math.colostate.edu/~achter/math/brown.pdf},
year = {1992},
}

@online{rankhistory,
author = {A Dujella},
institution = {University of Zagreb},
title = {History of elliptic curves rank records},
url = {https://web.math.pmf.unizg.hr/~duje/tors/rankhist.html},
year = {2017},
}

@article{rankaverage,
author = {M Bhargava and A Shankar},
publisher = {arXiv},
title = {Ternary cubic forms having bounded invariants, and the existence
of a positive proportion of elliptic curves having rank 0},
url = {https://arxiv.org/pdf/1007.0052.pdf},
year = {2013},
}

@article{bsd,
author = {A J Wiles},
institution = {University of Oxford},
title = {The Birch and Swinnerton-Dyer conjecture},
url = {http://www.claymath.org/sites/default/files/birchswin.pdf},
year = {2000},
}

@article{bsd0,
author = {J E Cremona},
institution = {University of Warwick},
title = {Numerical evidence for the Birch–Swinnerton-Dyer conjecture},
url = {https://www.dpmms.cam.ac.uk/research/BSD2011/bsd2011-Cremona.pdf},
year = {2011},
}

@article{bsd1,
author = {J H Coates and A J Wiles},
publisher = {Inventiones mathematicae},
title = {On the conjecture of Birch and Swinnerton-Dyer},
url = {https://gdz.sub.uni-goettingen.de/id/PPN356556735_0039},
year = {1977},
}

@article{bsd2,
author = {B H Gross and D B Zagier},
publisher = {Inventiones mathematicae},
title = {Heegner points and derivatives of L-series},
url = {https://wstein.org/papers/bib/Gross-Zagier_Heegner_points_and_derivatives_of_Lseries.pdf},
year = {1986},
}

@article{bsd3,
author = {V A Kolyvagin},
publisher = {American Mathematical Society},
title = {Finiteness of E(Q) and X(E, Q) for a class of Weil curves},
url = {https://wstein.org/papers/bib/kolyvagin-finitess_of_EQ_and_sha_for_a_subclass.pdf},
year = {1989},
}

@article{tunnell,
author = {J B Tunnell},
publisher = {Inventiones mathematicae},
title = {A classical Diophantine problem and modular forms of weight 3/2},
url = {https://gdz.sub.uni-goettingen.de/id/PPN356556735_0072},
year = {1983},
}

@book{crypto,
author = {L C Washington},
publisher = {Taylor and Francis Group},
title = {Elliptic curves: number theory and cryptography},
url = {https://people.cs.nctu.edu.tw/~rjchen/ECC2012S/Elliptic%20Curves%20Number%20Theory%20And%20Cryptography%202n.pdf},
year = {2008},
}

@article{modularity,
author = {C Breuil and B Conrad and F I Diamond and R Taylor},
publisher = {American Mathematical Society},
title = {On the modularity of elliptic curves over Q: wild 3-adic exercises},
url = {http://www.ams.org/journals/jams/2001-14-04/S0894-0347-01-00370-8/S0894-0347-01-00370-8.pdf},
year = {2001},
}

@book{macdonald,
author = {M F Atiyah and I G Macdonald},
publisher = {Taylor and Francis Group},
title = {Introduction to commutative algebra},
url = {https://wstein.org/edu/Fall2003/252/references/Atiyah-MacDonald/Atiyah-McDonald-Commutative_Algebra.pdf},
year = {1969},
}

@book{hartshorne,
author = {R Hartshorne},
publisher = {Springer-Verlag},
series = {Graduate texts in mathematics},
title = {Algebraic geometry},
year = {1977},
}

@book{curvebook,
author = {W Fulton},
institution = {University of Michigan},
title = {Algebraic curves},
url = {http://www.math.lsa.umich.edu/~wfulton/CurveBook.pdf},
year = {2008},
}